<record><leader>00000cas a22000007a 4500</leader><controlfield tag="001">17452277</controlfield><controlfield tag="008">880209d19831984msuwr ne      0    0eng d</controlfield><datafield ind1=" " ind2=" " tag="010"><subfield code="a">sn 88067038 </subfield></datafield><datafield ind1=" " ind2=" " tag="040"><subfield code="a">MSJ</subfield><subfield code="b">eng</subfield><subfield code="c">MSJ</subfield><subfield code="d">OCLCQ</subfield></datafield><datafield ind1=" " ind2=" " tag="042"><subfield code="a">msc</subfield></datafield><datafield ind1="0" ind2=" " tag="130"><subfield code="a">Southern chronicle (Lake Serene, Miss.)</subfield></datafield><datafield ind1="1" ind2="4" tag="245"><subfield code="a">The Southern Chronicle.</subfield></datafield><datafield ind1=" " ind2=" " tag="260"><subfield code="a">Lake Serene, Miss. :</subfield><subfield code="b">[s.n.],</subfield><subfield code="c">1983-1984.</subfield></datafield><datafield ind1=" " ind2=" " tag="310"><subfield code="a">Weekly</subfield></datafield><datafield ind1="0" ind2=" " tag="362"><subfield code="a">Vol. 2, no. 3 (Feb. 3, 1983)-v. 3, no. 2 (Feb. 2, 1984).</subfield></datafield><datafield ind1=" " ind2=" " tag="752"><subfield code="a">United States</subfield><subfield code="b">Mississippi</subfield><subfield code="c">Forrest</subfield><subfield code="d">Lake Serene.</subfield></datafield><datafield ind1=" " ind2=" " tag="752"><subfield code="a">United States</subfield><subfield code="b">Mississippi</subfield><subfield code="c">Forrest</subfield><subfield code="d">Hattiesburg.</subfield></datafield><datafield ind1="0" ind2="0" tag="780"><subfield code="t">North Lamar chronicle</subfield><subfield code="w">(OCoLC)17452705</subfield></datafield></record>